@techreport{pagerank1999,
  month = {November},
  author = {Lawrence Page and Sergey Brin and Rajeev Motwani and Terry Winograd},
  title = {The PageRank Citation Ranking: Bringing Order to the Web.},
  type = {Technical Report},
  publisher = {Stanford InfoLab},
  year = {1999},
  abstract = {The importance of a Web page is an inherently subjective matter, which depends on the readers interests, knowledge and attitudes. But there is still much that can be said objectively about the relative importance of Web pages. This paper describes PageRank, a mathod for rating Web pages objectively and mechanically, effectively measuring the human interest and attention devoted to them. We compare PageRank to an idealized random Web surfer. We show how to efficiently compute PageRank for large numbers of pages. And, we show how to apply PageRank to search and to user navigation.}
}

@article{otsu1979threshold,
  title={A threshold selection method from gray-level histograms},
  author={Otsu, Nobuyuki},
  journal={IEEE transactions on systems, man, and cybernetics},
  volume={9},
  number={1},
  pages={62--66},
  year={1979},
  publisher={IEEE}
}

@misc{strelow,
	Author = {Nils Strelow},
	Date-Added = {2017-07-11 13:17:19 +0000},
	Date-Modified = {2017-07-11 13:17:47 +0000},
	Keywords = {HPI},
	Month = {July},
	Title = {Distributed Business Relationships in Apache Cassandra},
	Year = {2017}}
@misc{janetzki,
	Author = {Jonathan Janetzki},
	Date-Added = {2017-07-11 12:56:45 +0000},
	Date-Modified = {2017-07-11 12:57:18 +0000},
	Keywords = {HPI, Textmining},
	Month = {July},
	Title = {Feature Extraction for Business Entity Linking in Newspaper Articles},
	Year = {2017}}
@misc{ehmueller,
	Author = {Jan Ehmüller},
	Date-Added = {2017-07-11 12:51:43 +0000},
	Date-Modified = {2017-07-11 12:52:39 +0000},
	Keywords = {HPI, Textmining},
	Month = {July},
	Title = {Evaluation of Entity Linking Models on Business Data},
	Year = {2017}}
@misc{loeperradscheit,
	Author = {Lando E. N. Löper and Matthias Radscheit},
	Date-Added = {2017-07-11 12:49:11 +0000},
	Date-Modified = {2017-07-11 12:51:39 +0000},
	Keywords = {HPI, Deduplication},
	Month = {July},
	Title = {Evaluation of Duplicate Detection in the Domain of German Businesses},
	Year = {2017}}
@misc{schneider,
	Author = {Alec Schneider},
	Date-Added = {2017-07-11 12:47:58 +0000},
	Date-Modified = {2017-07-11 12:49:01 +0000},
	Keywords = {HPI, Textmining},
	Month = {July},
	Title = {Evaluation of Business Relation Extraction Methods from Text},
	Year = {2017}}
@misc{pabst,
	Author = {Leonard Pabst},
	Date-Added = {2017-07-11 12:39:38 +0000},
	Date-Modified = {2017-07-11 12:42:11 +0000},
	Keywords = {HPI, Blocking},
	Month = {July},
	Organization = {Hasso-Plattner-Institut},
	Title = {Efficient Blocking Strategies on Business Data.},
	Year = {2017}}
@url{destatis1,
	Author = {Statisches Bundesamt der Bundesrepublik Deutschland},
	Date-Added = {2017-07-18 07:48:00 +0000},
	Date-Modified = {2017-07-18 07:49:58 +0000},
	Lastchecked = {2017-07-18},
	Title = {Unternehmensregister},
	Url = {https://www.destatis.de/DE/ZahlenFakten/GesamtwirtschaftUmwelt/UnternehmenHandwerk/Unternehmensregister/Tabellen/UnternehmenBeschaeftigteUmsatzWZ08.html},
	Urldate = {2016-10-31}}
@article{automobilwoche,
	Date-Added = {2017-07-18 07:11:48 +0000},
	Date-Modified = {2017-07-18 07:13:29 +0000},
	Journal = {Automobilwoche},
	Month = {October},
	Title = {Abgas-Skandal: VW-Zulieferer kämpfen mit Kurzarbeit},
	Url = {http://www.automobilwoche.de/article/20161018/AGENTURMELDUNGEN/310189944/abgas-skandal-vw-zulieferer-kaempfen-mit-kurzarbeit},
	Year = {2016}}
@article{stuttzeit,
	Author = {Imelda Flaig},
	Date-Added = {2017-07-18 06:51:51 +0000},
	Date-Modified = {2017-07-18 06:55:58 +0000},
	Journal = {Stuttgarter Zeitung},
	Lastchecked = {2017-07-18},
	Month = {October},
	Title = {VW-Abgasaffäre belastet Zulieferer im Land},
	Url = {http://www.stuttgarter-zeitung.de/inhalt.baden-wuerttemberg-vw-abgasaffaere-belastet-zulieferer-im-land.06ea4637-d060-4109-ad3c-c341a04bf1bd.html},
	Year = {2016}}
